/Users/vince/manuscripts-Playing-Games.bib